<record><leader>00000cas a22000007a 4500</leader><controlfield tag="001">15924178</controlfield><controlfield tag="008">870612d19501976iauwr ne      0    0eng d</controlfield><datafield ind1=" " ind2=" " tag="010"><subfield code="a">sn 87058357 </subfield></datafield><datafield ind1=" " ind2=" " tag="040"><subfield code="a">INP</subfield><subfield code="b">eng</subfield><subfield code="c">INP</subfield><subfield code="d">OCLCQ</subfield></datafield><datafield ind1=" " ind2=" " tag="042"><subfield code="a">msc</subfield></datafield><datafield ind1="0" ind2="4" tag="245"><subfield code="a">The Garwin sun.</subfield></datafield><datafield ind1=" " ind2=" " tag="260"><subfield code="a">Garwin, Iowa :</subfield><subfield code="b">[s.n.],</subfield><subfield code="c">-1976.</subfield></datafield><datafield ind1=" " ind2=" " tag="300"><subfield code="a">v.</subfield></datafield><datafield ind1=" " ind2=" " tag="310"><subfield code="a">Weekly</subfield></datafield><datafield ind1="1" ind2=" " tag="362"><subfield code="a">Began Feb. 1, 1950.</subfield></datafield><datafield ind1="0" ind2=" " tag="362"><subfield code="a">-v. 96, no. 14 (Apr. 2, 1976).</subfield></datafield><datafield ind1=" " ind2=" " tag="500"><subfield code="a">"A weekly newspaper published every Friday at Gladbrook, Iowa. Business office at Garwin, Iowa."</subfield></datafield><datafield ind1=" " ind2=" " tag="515"><subfield code="a">Vol. 27, no. 12-v. 96, no. 11 omitted in numbering.</subfield></datafield><datafield ind1=" " ind2=" " tag="588"><subfield code="a">Description based on: Vol. 1, no. 1 (Feb. 17, 1950).</subfield></datafield><datafield ind1=" " ind2=" " tag="752"><subfield code="a">United States</subfield><subfield code="b">Iowa</subfield><subfield code="c">Tama</subfield><subfield code="d">Gladbrook.</subfield></datafield><datafield ind1=" " ind2=" " tag="752"><subfield code="a">United States</subfield><subfield code="b">Iowa</subfield><subfield code="c">Tama</subfield><subfield code="d">Garwin.</subfield></datafield><datafield ind1="0" ind2="7" tag="785"><subfield code="t">Gladbrook Tama northern</subfield><subfield code="w">(DLC)sn 88059612</subfield><subfield code="w">(OCoLC)15924135</subfield></datafield><datafield ind1="0" ind2="7" tag="785"><subfield code="t">Northern-sun print</subfield><subfield code="w">(DLC)sn 88059613</subfield></datafield></record>